@article{synthseg1,
	title = {SynthSeg: {Segmentation} of brain {MRI} scans of any contrast and resolution without retraining},
	author = {Billot, Benjamin and Greve, Douglas N. and Puonti, Oula and Thielscher, Axel and Van Leemput, Koen and Fischl, Bruce and Dalca, Adrian V. and Iglesias, Juan Eugenio},
	journal = {{Medical} {Image} {Analysis}},
	year = {2023},
    volume = {86},
	pages = {102789},
    issn = {1361-8415},
    doi = {10.1016/j.media.2023.102789},
}

@article{synthseg2,
	title = {{Robust} machine learning segmentation for large-scale analysis of heterogeneous clinical brain {MRI} datasets},
	author = {Billot, Benjamin and Colin, Magdamo Cheng, You and Das, Sudeshna and Iglesias, Juan Eugenio},
	journal = {{Proceedings} of the {National} {Academy} of {Sciences} ({PNAS})},
	year = {2023},
	volume = {120},
	number = {9},
	pages = {1--10},
    doi = {10.1073/pnas.2216399120},
}
@inproceedings{synthmorph,
author = {Malte Hoffmann and Andrew Hoopes and Bruce Fischl and Adrian V. Dalca},
title = {{Anatomy-specific acquisition-agnostic affine registration learned from fictitious images}},
volume = {12464},
booktitle = {Medical Imaging 2023: Image Processing},
editor = {Olivier Colliot and Ivana Išgum},
organization = {International Society for Optics and Photonics},
publisher = {SPIE},
pages = {1246402},
keywords = {affine image registration, deep learning, convolutional neural network, training image synthesis, contrast invariance, anatomical specificity, domain shift, magnetic resonance imaging},
year = {2023},
doi = {10.1117/12.2653251},
URL = {https://doi.org/10.1117/12.2653251}
}
@article{synthmorphModel,
  title={SynthMorph: learning contrast-invariant registration without acquired images},
  author={Hoffmann, Malte and Billot, Benjamin and Greve, Douglas N and Iglesias, Juan Eugenio and Fischl, Bruce and Dalca, Adrian V},
  journal={IEEE Transactions on Medical Imaging},
  volume={41},
  number={3},
  pages={543--558},
  year={2022},
  publisher={IEEE}
}
@article{synthradData,
   title={SynthRAD2023 Grand Challenge dataset: Generating synthetic CT for radiotherapy},
   volume={50},
   ISSN={2473-4209},
   url={http://dx.doi.org/10.1002/mp.16529},
   DOI={10.1002/mp.16529},
   number={7},
   journal={Medical Physics},
   publisher={Wiley},
   author={Thummerer, Adrian and van der Bijl, Erik and Galapon, Arthur and Verhoeff, Joost J. C. and Langendijk, Johannes A. and Both, Stefan and van den Berg, Cornelis (Nico) A. T. and Maspero, Matteo},
   year={2023},
   month=jun, pages={4664–4674} }


%@inproceedings{kour2014real,
%  title={Real-time segmentation of on-line handwritten arabic script},
%  author={Kour, George and Saabne, Raid},
%  booktitle={Frontiers in Handwriting Recognition (ICFHR), 2014 14th International Conference on},
%  pages={417--422},
%  year={2014},
%  organization={IEEE}
%}

%@article{hadash2018estimate,
%  title={Estimate and Replace: A Novel Approach to Integrating Deep Neural Networks with Existing Applications},
%  author={Hadash, Guy and Kermany, Einat and Carmeli, Boaz and Lavi, Ofer and Kour, George and Jacovi, Alon},
%  journal={arXiv preprint arXiv:1804.09028},
%  year={2018}
%}